<?xml version="1.0" encoding="UTF-8"?><collection xmlns="http://www.loc.gov/MARC21/slim"><record><leader>00425nam--2200157-i-4500</leader><controlfield tag="001">000011092</controlfield><controlfield tag="002">20161230</controlfield><controlfield tag="005">20170304211209</controlfield><controlfield tag="008">060222s1000------------r-----000-0-eng-d</controlfield><datafield ind1=" " ind2=" " tag="100"><subfield code="a">Deussen, Peter</subfield></datafield><datafield ind1=" " ind2=" " tag="245"><subfield code="a">Halbgruppen und automaten</subfield></datafield><datafield ind1=" " ind2=" " tag="260"><subfield code="a">Berlin</subfield><subfield code="b">Springer-verlag</subfield><subfield code="c">1971</subfield></datafield><datafield ind1=" " ind2=" " tag="300"><subfield code="a">196 p</subfield></datafield><datafield ind1=" " ind2=" " tag="490"><subfield code="a">Heidelberger Taschenbucher - Sammlung Informatik</subfield></datafield><datafield ind1=" " ind2=" " tag="852"><subfield code="a">512.8:007:62-52</subfield></datafield><datafield ind1=" " ind2=" " tag="CAT"><subfield code="a">SYS</subfield><subfield code="c">20170304</subfield><subfield code="h">211209</subfield></datafield></record></collection>